%%
%% WinShell 3.3.2.6
%% http://www.winshell.org/
%%

% Strings


% Preamble


% BibTeX Entries
@inproceedings{BK09,
 author               = {S. Bereg and D. G. Kirkpatrick},
 booktitle            = {Proc. 5th ALGOSENSORS},
 pages                = {29--40},
 publisher            = {Springer},
 series               = {LNCS},
 title                = {Approximating Barrier Resilience in Wireless Sensor Networks},
 volume               = {5804},
 year                 = {2009},
 url				  = {http://dx.doi.org/10.1007/978-3-642-05434-1_5}
 }

@book{bkos-08,
 author               = {M. {de Berg} and O. Cheong and M. {van Kreveld} and M. Overmars},
 edition              = {3rd ed.},
 publisher            = {Springer-Verlag},
 title                = {Computational Geometry: Algorithms and Applications},
 year                 = {2008},
 url				  = {http://dx.doi.org/10.1007/978-3-540-77974-2}
 }

@article{ce-01,
 author               = {T. M. Chan and A. Efrat},
 bibsource            = {DBLP, http://dblp.uni-trier.de},
 url                  = {http://dx.doi.org/10.1006/jagm.2001.1189},
 journal              = {J. Algorithms},
 number               = {2},
 pages                = {330-337},
 title                = {{Fly Cheaply: On the Minimum Fuel Consumption Problem}},
 volume               = {41},
 year                 = {2001},
 }


@article{CG16,
 author               = {S. Cabello and P. Giannopoulos},
 journal              = {Algorithmica},
 number               = {2},
 pages                = {643--663},
 title                = {The Complexity of Separating Points in the Plane},
 url                  = {http://dx.doi.org/10.1007/s00453-014-9965-6},
 volume               = {74},
 year                 = {2016},
 }

@book{cgal,
 author               = {{The CGAL Project}},
 edition              = {4.6},
 publisher            = {{CGAL Editorial Board}},
 title                = {{CGAL} User and Reference Manual},
 url                  = {http://doc.cgal.org/4.6/Manual/packages.html},
 year                 = {2015},
 }

@incollection{cgal:k-vda2-15a,
 author               = {M. Karavelas},
 booktitle            = {{CGAL} User and Reference Manual},
 edition              = {{4.6}},
 publisher            = {{CGAL Editorial Board}},
 title                = {{2D} Voronoi Diagram Adaptor},
 url                  = {http://doc.cgal.org/4.6/Manual/packages.html#PkgVoronoiDiagramAdaptor2Summary},
 year                 = {2015},
 }

@incollection{cgal:n-rstd-15a,
 author               = {G. Neyer},
 booktitle            = {{CGAL} User and Reference Manual},
 edition              = {{4.6}},
 publisher            = {{CGAL Editorial Board}},
 title                = {{dD} Range and Segment Trees},
 url                  = {http://doc.cgal.org/4.6/Manual/packages.html#PkgRangeSegmentTreesDSummary},
 year                 = {2015},
 }

@incollection{cgal:tf-ssd-15a,
 author               = {H. Tangelder and A. Fabri},
 booktitle            = {{CGAL} User and Reference Manual},
 edition              = {{4.6}},
 publisher            = {{CGAL Editorial Board}},
 title                = {{dD} Spatial Searching},
 url                  = {http://doc.cgal.org/4.6/Manual/packages.html#PkgSpatialSearchingDSummary},
 year                 = {2015},
 }

@article{CJ15,
 author               = {S. Cabello and M. Jej{\v c}i{\v c}},
 journal              = {Comput. Geom.},
 number               = {4},
 pages                = {360--367},
 title                = {Shortest paths in intersection graphs of unit disks},
 url                  = {http://dx.doi.org/10.1016/j.comgeo.2014.12.003},
 volume               = {48},
 year                 = {2015},
 }

@article{ck-95,
 author               = {P. B. Callahan and S. R. Kosaraju},
 bibsource            = {DBLP, http://dblp.uni-trier.de},
 ee                   = {http://doi.acm.org/10.1145/200836.200853},
 journal              = {J. ACM},
 number               = {1},
 pages                = {67-90},
 title                = {{A Decomposition of Multidimensional Point Sets with Applications to k-Nearest-Neighbors and n-Body Potential Fields}},
 volume               = {42},
 year                 = {1995},
 }

@inproceedings{CK15,
 author               = {S. Cabello and M. Kerber},
 booktitle            = {Algorithms and Data Structures - 14th International Symposium, {WADS} 2015. Proceedings},
 pages                = {115--126},
 publisher            = {Springer},
 series               = {Lecture Notes in Computer Science},
 title                = {Semi-dynamic Connectivity in the Plane},
 url                  = {http://dx.doi.org/10.1007/978-3-319-21840-3_10},
 volume               = {9214},
 year                 = {2015},
 }



@inproceedings{ChanS16,
  author    = {T. M. Chan and D. Skrepetos},
  title     = {All-Pairs Shortest Paths in Unit-Disk Graphs in Slightly Subquadratic Time},
  booktitle = {27th International Symposium on Algorithms and Computation, {ISAAC} 2016},
  pages     = {24:1--24:13},
  year      = {2016},
  url       = {http://dx.doi.org/10.4230/LIPIcs.ISAAC.2016.24},
  series    = {LIPIcs},
  volume    = {64},
}





@article{eik-01,
 author               = {A. Efrat and A. Itai and M. J. Katz},
 bibsource            = {DBLP, http://dblp.uni-trier.de},
 url                  = {http://dx.doi.org/10.1007/s00453-001-0016-8},
 journal              = {Algorithmica},
 number               = {1},
 pages                = {1-28},
 title                = {Geometry Helps in Bottleneck Matching and Related Problems},
 volume               = {31},
 year                 = {2001},
 }


@article{GG11,
 author               = {Gao, J. and Guibas, L.},
 url                  = {http://dx.doi.org/10.1098/rsta.2011.0215},
 journal              = {Philosophical Transactions of the Royal Society of London A: Mathematical, Physical and Engineering Sciences},
 number               = {1958},
 pages                = {27--51},
 publisher            = {The Royal Society},
 title                = {Geometric algorithms for sensor networks},
 volume               = {370},
 year                 = {2011},
 }


@inproceedings{gkv-ipud-11,
 author               = {M. Gibson and G. Kanade and K. Varadarajan},
 booktitle            = {Proc. 19th ESA},
 pages                = {61--69},
 publisher            = {Springer},
 series               = {LNCS},
 title                = {On Isolating Points Using Disks},
 url				  = {http://dx.doi.org/10.1007/978-3-642-23719-5_6},
 volume               = {6942},
 year                 = {2011},
 }

@article{gkpvv-16,
 author               = {M. Gibson and G. Kanade and R. Penninger and K. Varadarajan and I. Vigan},
 title                = {On isolating points using unit disks},
 journal              = {J. of Computational Geometry},
 volume               = {7},
 number               = {1},
 url				  = {http://dx.doi.org/10.20382/jocg.v7i1a22},
 pages                = {540--557},
 year                 = {2016},
 }


 
@inproceedings{HS95,
 author               = {M. L. Huson and A. Sen},
 booktitle            = {{IEEE MILCOM '95}},
 pages                = {647-651 vol.2},
 title                = {Broadcast scheduling algorithms for radio networks},
 url				  = {http://dx.doi.org/10.1109/MILCOM.1995.483546},
 volume               = {2},
 year                 = {1995},
 }

@inproceedings{KH07,
 author               = {S. Kloder and S. Hutchinson},
 booktitle            = {Proc. ICRA},
 pages                = {391-396},
 publisher            = {IEEE},
 title                = {Barrier Coverage for Variable Bounded-Range Line-of-Sight Guards},
 url				  = {http://dx.doi.org/10.1109/ROBOT.2007.363818},
 year                 = {2007},
 }


@article{KLA07,
 author               = {S. Kumar and T.-H. Lai and A. Arora},
 journal              = {Wireless Networks},
 number               = {6},
 pages                = {817-834},
 title                = {Barrier coverage with wireless sensors},
 url				  = {http://doi.org/10.1007/s11276-006-9856-0},
 volume               = {13},
 year                 = {2007},
 }

@inproceedings{KWZ03,
 author               = {Kuhn, F. and Wattenhofer, R. and Zollinger, A.},
 booktitle            = {Proceedings of the 2003 Joint Workshop on Foundations of Mobile Computing},
 pages                = {69--78},
 series               = {DIALM-POMC '03},
 title                = {Ad-hoc Networks Beyond Unit Disk Graphs},
 url                  = {http://doi.acm.org/10.1145/941079.941089},
 year                 = {2003},
 }


@article{LP10,
 author               = {Lotker, Z. and Peleg, D.},
 journal              = {SIGACT News},
 number               = {2},
 pages                = {74--84},
 title                = {Structure and Algorithms in the {SINR} Wireless Model},
 url                  = {http://doi.acm.org/10.1145/1814370.1814391},
 volume               = {41},
 year                 = {2010},
 }

@book{mt-gs-01,
 author               = {B. Mohar and C. Thomassen},
 publisher            = {John Hopkins University Press},
 series               = {Johns Hopkins Studies in the Mathematical Sciences},
 title                = {Graphs on surfaces},
 year                 = {2001},
 }

@article{pv-2013,
 author               = {R. Penninger and I. Vigan},
 url                  = {http://arxiv.org/abs/1303.2779},
 journal              = {CoRR},
 title                = {Point set isolation using unit disks is {NP}-complete},
 volume               = {abs/1303.2779},
 year                 = {2013},
 }

@article{rs-11,
 author               = {L. Roditty and M. Segal},
 url                  = {http://dx.doi.org/10.1007/s00453-009-9322-3},
 journal              = {Algorithmica},
 number               = {4},
 pages                = {583-600},
 title                = {{On Bounded Leg Shortest Paths Problems}},
 volume               = {59},
 year                 = {2011},
 }


@inproceedings{WGM06,
 author               = {Wang, Y. and Gao, J. and Mitchell, J. S. B.},
 booktitle            = {Proceedings of the 12th Annual International Conference on Mobile Computing and Networking},
 pages                = {122--133},
 series               = {MobiCom '06},
 title                = {Boundary Recognition in Sensor Networks by Topological Methods},
 url                  = {http://doi.acm.org/10.1145/1161089.1161104},
 year                 = {2006},
 }

@book{zg-wsn-04,
 author               = {F. Zhao and L. Guibas},
 publisher            = {Elsevier/Morgan-Kaufmann},
 title                = {Wireless Sensor Networks: An Information Processing Approach},
 year                 = {2004},
 }
