%%
%% WinShell 3.3.2.6
%% http://www.winshell.org/
%%

% Strings


% Preamble


% BibTeX Entries

@book{bkos-08,
 author = {Berg, Mark de and Cheong, Otfried and Kreveld, Marc van and Overmars, Mark},
 title = {Computational Geometry: Algorithms and Applications},
 year = {2008},
 edition = {3rd ed.},
 publisher = {Springer-Verlag},
} 



@inproceedings{BK09,
 author               = {S. Bereg and D. G. Kirkpatrick},
 booktitle            = {Proc. 5th ALGOSENSORS},
 pages                = {29--40},
 publisher            = {Springer},
 series               = {LNCS},
 title                = {Approximating Barrier Resilience in Wireless Sensor Networks},
 volume               = {5804},
 year                 = {2009},
 }

@article{BLWZ05,
 author               = {H. Broersma and X. Li and G. Woeginger and S. Zhang},
 journal              = {Australasian J. Combin.},
 pages                = {299--312},
 publisher            = {CMSA},
 title                = {Paths and cycles in colored graphs, p.299},
 volume               = {31},
 year                 = {2005},
 }

@article{bmnsz-04,
 author               = {Prosenjit Bose and Anil Maheshwari and Giri Narasimhan and Michiel H. M. Smid and Norbert Zeh},
 ee                   = {http://dx.doi.org/10.1016/j.comgeo.2004.04.003},
 journal              = {Comput. Geom.},
 number               = {3},
 pages                = {233-249},
 title                = {Approximating geometric bottleneck shortest paths},
 volume               = {29},
 year                 = {2004},
 }

@article{ccj-90,
 author               = {Brent N. Clark and Charles J. Colbourn and David S. Johnson},
 doi                  = {http://dx.doi.org/10.1016/0012-365X(90)90358-O},
 journal              = {Discrete Mathematics},
 number               = {1â€“3},
 pages                = {165 - 177},
 title                = {Unit disk graphs},
 volume               = {86},
 year                 = {1990},
 }

@inproceedings{ccl-fsntc-10,
 author               = {S. Cabello and {\'E} Colin de Verdi{\`e}re and F. Lazarus},
 booktitle            = {Proc. 26th ACM SoCG},
 pages                = {156--165},
 title                = {Finding shortest non-trivial cycles in directed graphs on surfaces},
 year                 = {2010},
 }

@article{cdr-07,
 author               = {S. Cabello and E. D. Demaine and G. Rote},
 journal              = {J. Graph Algorithms Appl.},
 number               = {1},
 pages                = {259-276},
 title                = {Planar Embeddings of Graphs with Specified Edge Lengths},
 volume               = {11},
 year                 = {2007},
 }

@article{ce-01,
 author               = {Timothy M. Chan and Alon Efrat},
 bibsource            = {DBLP, http://dblp.uni-trier.de},
 ee                   = {http://dx.doi.org/10.1006/jagm.2001.1189},
 journal              = {J. Algorithms},
 number               = {2},
 pages                = {330-337},
 title                = {{Fly Cheaply: On the Minimum Fuel Consumption Problem}},
 volume               = {41},
 year                 = {2001},
 }

@article{CFLLV08,
 author               = {J. Chen and F. V. Fomin and Y. Liu and S. Lu and Y. Villanger},
 issue                = {7},
 journal              = {J. Comput. Syst. Sci.},
 pages                = {1188--1198},
 title                = {Improved algorithms for feedback vertex set problems},
 volume               = {74},
 year                 = {2008},
 }

@article{CG16,
 author               = {Sergio Cabello and Panos Giannopoulos},
 doi                  = {10.1007/s00453-014-9965-6},
 journal              = {Algorithmica},
 number               = {2},
 pages                = {643--663},
 title                = {The Complexity of Separating Points in the Plane},
 url                  = {http://dx.doi.org/10.1007/s00453-014-9965-6},
 volume               = {74},
 year                 = {2016},
 }

@article{CJ15,
 author               = {Sergio Cabello and Miha Jej{\v c}i{\v c}},
 doi                  = {10.1016/j.comgeo.2014.12.003},
 journal              = {Comput. Geom.},
 number               = {4},
 pages                = {360--367},
 title                = {Shortest paths in intersection graphs of unit disks},
 url                  = {http://dx.doi.org/10.1016/j.comgeo.2014.12.003},
 volume               = {48},
 year                 = {2015},
 }

@article{ck-95,
 author               = {Paul B. Callahan and S. Rao Kosaraju},
 bibsource            = {DBLP, http://dblp.uni-trier.de},
 ee                   = {http://doi.acm.org/10.1145/200836.200853},
 journal              = {J. ACM},
 number               = {1},
 pages                = {67-90},
 title                = {{A Decomposition of Multidimensional Point Sets with Applications to k-Nearest-Neighbors and n-Body Potential Fields}},
 volume               = {42},
 year                 = {1995},
 }

@inproceedings{CK15,
 author               = {Sergio Cabello and Michael Kerber},
 booktitle            = {Algorithms and Data Structures - 14th International Symposium, {WADS} 2015. Proceedings},
 doi                  = {10.1007/978-3-319-21840-3_10},
 pages                = {115--126},
 publisher            = {Springer},
 series               = {Lecture Notes in Computer Science},
 title                = {Semi-dynamic Connectivity in the Plane},
 url                  = {http://dx.doi.org/10.1007/978-3-319-21840-3_10},
 volume               = {9214},
 year                 = {2015},
 }

@article{clms-04,
 author               = {S. Cabello and Y. Liu and A. Mantler and J. Snoeyink},
 journal              = {Discr. {\&} Comp. Geometry},
 number               = {1},
 pages                = {61-81},
 title                = {Testing Homotopy for Paths in the Plane},
 volume               = {31},
 year                 = {2004},
 }

@article{eik-01,
 author               = {Alon Efrat and Alon Itai and Matthew J. Katz},
 bibsource            = {DBLP, http://dblp.uni-trier.de},
 ee                   = {http://dx.doi.org/10.1007/s00453-001-0016-8},
 journal              = {Algorithmica},
 number               = {1},
 pages                = {1-28},
 title                = {Geometry Helps in Bottleneck Matching and Related Problems},
 volume               = {31},
 year                 = {2001},
 }

@article{eppstein-95,
 author               = {David Eppstein},
 ee                   = {http://dx.doi.org/10.1007/BF02574030},
 journal              = {Discrete {\&} Computational Geometry},
 pages                = {111-122},
 title                = {{Dynamic Euclidean Minimum Spanning Trees and Extrema of Binary Functions}},
 volume               = {13},
 year                 = {1995},
 }

@article{GG11,
 author               = {Gao, Jie and Guibas, Leonidas},
 doi                  = {10.1098/rsta.2011.0215},
 journal              = {Philosophical Transactions of the Royal Society of London A: Mathematical, Physical and Engineering Sciences},
 number               = {1958},
 pages                = {27--51},
 publisher            = {The Royal Society},
 title                = {Geometric algorithms for sensor networks},
 url                  = {http://rsta.royalsocietypublishing.org/content/370/1958/27},
 volume               = {370},
 year                 = {2011},
 }

@inproceedings{gkv-ipud-11,
 author               = {M. Gibson and G. Kanade and K. Varadarajan},
 booktitle            = {Proc. 19th ESA},
 pages                = {61--69},
 publisher            = {Springer},
 series               = {LNCS},
 title                = {On Isolating Points Using Disks},
 volume               = {6942},
 year                 = {2011},
 }

@inproceedings{HS95,
 author               = {M. L. Huson and A. Sen},
 booktitle            = {{IEEE MILCOM '95}},
 doi                  = {10.1109/MILCOM.1995.483546},
 pages                = {647-651 vol.2},
 title                = {Broadcast scheduling algorithms for radio networks},
 volume               = {2},
 year                 = {1995},
 }

@inproceedings{KH07,
 author               = {S. Kloder and S. Hutchinson},
 booktitle            = {Proc. ICRA},
 pages                = {391-396},
 publisher            = {IEEE},
 title                = {Barrier Coverage for Variable Bounded-Range Line-of-Sight Guards},
 year                 = {2007},
 }

@inproceedings{KLA05,
 author               = {S. Kumar and T. H. Lai and A. Arora},
 booktitle            = {Proc. 11th MobiCom},
 pages                = {284--298},
 publisher            = {ACM},
 title                = {Barrier coverage with wireless sensors},
 year                 = {2005},
 }

@article{KLA07,
 author               = {S. Kumar and T.-H. Lai and A. Arora},
 journal              = {Wireless Networks},
 number               = {6},
 pages                = {817-834},
 title                = {Barrier coverage with wireless sensors},
 volume               = {13},
 year                 = {2007},
 }

@inproceedings{KWZ03,
 author               = {Kuhn, Fabian and Wattenhofer, Rogert and Zollinger, Aaron},
 booktitle            = {Proceedings of the 2003 Joint Workshop on Foundations of Mobile Computing},
 doi                  = {10.1145/941079.941089},
 pages                = {69--78},
 series               = {DIALM-POMC '03},
 title                = {Ad-hoc Networks Beyond Unit Disk Graphs},
 url                  = {http://doi.acm.org/10.1145/941079.941089},
 year                 = {2003},
 }

@article{lca1,
 author               = {M. A. Bender and M. Farach-Colton},
 ee                   = {http://dx.doi.org/10.1016/j.tcs.2003.05.002},
 journal              = {Theor. Comput. Sci.},
 number               = {1},
 pages                = {5-12},
 title                = {The Level Ancestor Problem simplified},
 volume               = {321},
 year                 = {2004},
 }

@article{lca2,
 author               = {D. Harel and R. E. Tarjan},
 ee                   = {http://dx.doi.org/10.1137/0213024},
 journal              = {SIAM J. Comput.},
 number               = {2},
 pages                = {338-355},
 title                = {Fast Algorithms for Finding Nearest Common Ancestors},
 volume               = {13},
 year                 = {1984},
 }

@article{LP10,
 author               = {Lotker, Zvi and Peleg, David},
 doi                  = {10.1145/1814370.1814391},
 journal              = {SIGACT News},
 number               = {2},
 pages                = {74--84},
 title                = {Structure and Algorithms in the SINR Wireless Model},
 url                  = {http://doi.acm.org/10.1145/1814370.1814391},
 volume               = {41},
 year                 = {2010},
 }

@book{mt-gs-01,
 author               = {B. Mohar and C. Thomassen},
 publisher            = {John Hopkins University Press},
 series               = {Johns Hopkins Studies in the Mathematical Sciences},
 title                = {Graphs on surfaces},
 year                 = {2001},
 }

@article{pv-2013,
 author               = {R. Penninger and I. Vigan},
 ee                   = {http://arxiv.org/abs/1303.2779},
 journal              = {CoRR},
 title                = {Point set isolation using unit disks is {NP}-complete},
 volume               = {abs/1303.2779},
 year                 = {2013},
 }

@article{rs-11,
 author               = {Liam Roditty and Michael Segal},
 ee                   = {http://dx.doi.org/10.1007/s00453-009-9322-3},
 journal              = {Algorithmica},
 number               = {4},
 pages                = {583-600},
 title                = {{On Bounded Leg Shortest Paths Problems}},
 volume               = {59},
 year                 = {2011},
 }

@article{t-egsnc-90,
 author               = {C. Thomassen},
 journal              = {J. of Comb. Theory, B},
 number               = {2},
 pages                = {155--177},
 publisher            = {Elsevier},
 title                = {Embeddings of graphs with no short noncontractible cycles},
 volume               = {48},
 year                 = {1990},
 }

@inproceedings{WGM06,
 author               = {Wang, Yue and Gao, Jie and Mitchell, Joseph S.B.},
 booktitle            = {Proceedings of the 12th Annual International Conference on Mobile Computing and Networking},
 doi                  = {10.1145/1161089.1161104},
 pages                = {122--133},
 series               = {MobiCom '06},
 title                = {Boundary Recognition in Sensor Networks by Topological Methods},
 url                  = {http://doi.acm.org/10.1145/1161089.1161104},
 year                 = {2006},
 }

@book{zg-wsn-04,
 author               = {Feng Zhao and Leonidas Guibas},
 publisher            = {Elsevier/Morgan-Kaufmann},
 title                = {Wireless Sensor Networks: An Information Processing Approach},
 year                 = {2004},
 }
